<record><leader>00000cas a2200000 a 4500</leader><controlfield tag="001">9604179</controlfield><controlfield tag="008">830614d19831990caumr ne      0   a0eng c</controlfield><controlfield tag="009">467</controlfield><datafield ind1=" " ind2=" " tag="010"><subfield code="a">sn 83009319 </subfield></datafield><datafield ind1=" " ind2=" " tag="040"><subfield code="a">NSD</subfield><subfield code="b">eng</subfield><subfield code="c">NSD</subfield><subfield code="d">OCL</subfield><subfield code="d">NST</subfield><subfield code="d">NSD</subfield><subfield code="d">NST</subfield><subfield code="d">ELM</subfield><subfield code="d">CNW</subfield><subfield code="d">NYS</subfield><subfield code="d">ZYU</subfield><subfield code="d">OCLCQ</subfield><subfield code="d">OCLCF</subfield></datafield><datafield ind1=" " ind2=" " tag="012"><subfield code="b">3</subfield><subfield code="i">8802</subfield><subfield code="j">0</subfield><subfield code="k">1</subfield><subfield code="l">1</subfield></datafield><datafield ind1=" " ind2=" " tag="019"><subfield code="a">13911121</subfield><subfield code="a">29804020</subfield></datafield><datafield ind1="0" ind2=" " tag="022"><subfield code="a">0738-4769</subfield><subfield code="l">0738-4769</subfield><subfield code="2">1</subfield></datafield><datafield ind1="1" ind2=" " tag="029"><subfield code="a">AU@</subfield><subfield code="b">000020420530</subfield></datafield><datafield ind1="1" ind2=" " tag="029"><subfield code="a">ZWZ</subfield><subfield code="b">093431651</subfield></datafield><datafield ind1=" " ind2=" " tag="042"><subfield code="a">nsdp</subfield><subfield code="a">pcc</subfield></datafield><datafield ind1=" " ind2=" " tag="043"><subfield code="a">n-us-ca</subfield></datafield><datafield ind1="1" ind2="4" tag="050"><subfield code="a">HX1</subfield><subfield code="b">.F93</subfield></datafield><datafield ind1="1" ind2="0" tag="082"><subfield code="a">320</subfield><subfield code="2">11</subfield></datafield><datafield ind1="0" ind2=" " tag="130"><subfield code="a">Frontline (Oakland, Calif. : 1983)</subfield></datafield><datafield ind1="0" ind2=" " tag="210"><subfield code="a">Frontline</subfield><subfield code="b">(Oakl. Calif.)</subfield></datafield><datafield ind1=" " ind2="0" tag="222"><subfield code="a">Frontline</subfield><subfield code="b">(Oakland, Calif.)</subfield></datafield><datafield ind1="0" ind2="0" tag="245"><subfield code="a">Frontline.</subfield></datafield><datafield ind1="1" ind2="0" tag="246"><subfield code="a">Front line</subfield></datafield><datafield ind1=" " ind2=" " tag="260"><subfield code="a">Oakland, Calif. :</subfield><subfield code="b">Line of March Publications,</subfield><subfield code="c">1983-1990.</subfield></datafield><datafield ind1=" " ind2=" " tag="300"><subfield code="a">v. :</subfield><subfield code="b">ill. ;</subfield><subfield code="c">45 cm.</subfield></datafield><datafield ind1=" " ind2=" " tag="310"><subfield code="a">Monthly,</subfield><subfield code="b">1990</subfield></datafield><datafield ind1=" " ind2=" " tag="321"><subfield code="a">Twenty-three times a year,</subfield><subfield code="b">1983-1989</subfield></datafield><datafield ind1="0" ind2=" " tag="362"><subfield code="a">Vol. 1, no. 1 (June 27, 1983)-v. 7, no. 10 (Nov. 27, 1989) ; transition issue no. 1 (Feb. 1990)-transition issue no. 2 (Mar. 1990).</subfield></datafield><datafield ind1=" " ind2=" " tag="515"><subfield code="a">Preceeded by special pilot issue Apr. 11, 1983.</subfield></datafield><datafield ind1=" " ind2=" " tag="515"><subfield code="a">Suspended with issue for Nov. 27, 1989. Resumed with issue for Feb. 1990.</subfield></datafield><datafield ind1=" " ind2=" " tag="550"><subfield code="a">Issued 1983-Dec. 3, 1984 by the Institute for Scientific Socialism; issued Dec. 17, 1984-   by the Institute for Social and Economic Studies.</subfield></datafield><datafield ind1=" " ind2=" " tag="580"><subfield code="a">Merged with: North star review, to form: CrossRoads (Oakland, Calif.).</subfield></datafield><datafield ind1=" " ind2="0" tag="650"><subfield code="a">Socialism</subfield><subfield code="v">Newspapers.</subfield></datafield><datafield ind1=" " ind2="0" tag="651"><subfield code="a">Oakland (Calif.)</subfield><subfield code="v">Newspapers.</subfield></datafield><datafield ind1=" " ind2="0" tag="651"><subfield code="a">Alameda County (Calif.)</subfield><subfield code="v">Newspapers.</subfield></datafield><datafield ind1=" " ind2="7" tag="655"><subfield code="a">Newspapers.</subfield><subfield code="2">fast</subfield><subfield code="0">(OCoLC)fst01423814</subfield></datafield><datafield ind1=" " ind2="7" tag="650"><subfield code="a">Socialism.</subfield><subfield code="2">fast</subfield><subfield code="0">(OCoLC)fst01123637</subfield></datafield><datafield ind1=" " ind2="7" tag="651"><subfield code="a">California</subfield><subfield code="z">Alameda County.</subfield><subfield code="2">fast</subfield><subfield code="0">(OCoLC)fst01205577</subfield></datafield><datafield ind1=" " ind2="7" tag="651"><subfield code="a">California</subfield><subfield code="z">Oakland.</subfield><subfield code="2">fast</subfield><subfield code="0">(OCoLC)fst01206605</subfield></datafield><datafield ind1="2" ind2=" " tag="710"><subfield code="a">Institute for Scientific Socialism (Oakland, Calif.)</subfield></datafield><datafield ind1="2" ind2=" " tag="710"><subfield code="a">Institute for Social and Economic Studies (Oakland, Calif.)</subfield></datafield><datafield ind1=" " ind2=" " tag="752"><subfield code="a">United States</subfield><subfield code="b">California</subfield><subfield code="c">Alameda</subfield><subfield code="d">Oakland.</subfield></datafield><datafield ind1="1" ind2="7" tag="785"><subfield code="t">North star review</subfield><subfield code="w">(DLC)sn 90024303</subfield><subfield code="w">(OCoLC)21366721</subfield></datafield><datafield ind1="1" ind2="7" tag="785"><subfield code="t">CrossRoads (Oakland, Calif.)</subfield><subfield code="x">1051-0575</subfield><subfield code="w">(DLC)   90660358</subfield><subfield code="w">(OCoLC)21815449</subfield></datafield><datafield ind1=" " ind2=" " tag="850"><subfield code="a">CSt-H</subfield><subfield code="a">CU-I</subfield><subfield code="a">KU-S</subfield><subfield code="a">MiU</subfield></datafield></record>